<record><leader>00000cas a2200000 a 4500</leader><controlfield tag="001">10464166</controlfield><controlfield tag="008">840227d183u184ualuwr ne      0    0eng c</controlfield><datafield ind1=" " ind2=" " tag="010"><subfield code="a">sn 84025756 </subfield></datafield><datafield ind1=" " ind2=" " tag="040"><subfield code="a">NPV</subfield><subfield code="b">eng</subfield><subfield code="c">NPV</subfield><subfield code="d">NPU</subfield><subfield code="d">NPA</subfield><subfield code="d">CPN</subfield><subfield code="d">PPM</subfield><subfield code="d">DLC</subfield><subfield code="d">NVF</subfield><subfield code="d">CUI</subfield><subfield code="d">OCLCQ</subfield><subfield code="d">OCLCF</subfield></datafield><datafield ind1=" " ind2=" " tag="042"><subfield code="a">pcc</subfield></datafield><datafield ind1=" " ind2=" " tag="043"><subfield code="a">n-us-al</subfield></datafield><datafield ind1=" " ind2="4" tag="050"><subfield code="a">AN</subfield></datafield><datafield ind1="0" ind2=" " tag="130"><subfield code="a">Montgomery advertiser (Montgomery, Ala. : 1840)</subfield></datafield><datafield ind1="1" ind2="0" tag="245"><subfield code="a">Montgomery advertiser.</subfield></datafield><datafield ind1=" " ind2=" " tag="260"><subfield code="a">Montgomery, Ala. :</subfield><subfield code="b">Belser &amp; Walshe</subfield></datafield><datafield ind1=" " ind2=" " tag="300"><subfield code="a">v.</subfield></datafield><datafield ind1=" " ind2=" " tag="310"><subfield code="a">Weekly</subfield></datafield><datafield ind1=" " ind2=" " tag="580"><subfield code="a">Merged with: State journal &amp; flag, to form: Weekly flag &amp; advertiser, and: Tri-weekly flag &amp; advertiser.</subfield></datafield><datafield ind1=" " ind2=" " tag="588"><subfield code="a">Description based on: Vol. 8, no. 4 (Aug. 21, 1840).</subfield></datafield><datafield ind1=" " ind2="0" tag="651"><subfield code="a">Montgomery (Ala.)</subfield><subfield code="v">Newspapers.</subfield></datafield><datafield ind1=" " ind2="0" tag="651"><subfield code="a">Montgomery County (Ala.)</subfield><subfield code="v">Newspapers.</subfield></datafield><datafield ind1=" " ind2="7" tag="655"><subfield code="a">Newspapers.</subfield><subfield code="2">fast</subfield><subfield code="0">(OCoLC)fst01423814</subfield></datafield><datafield ind1=" " ind2="7" tag="651"><subfield code="a">Alabama</subfield><subfield code="z">Montgomery.</subfield><subfield code="2">fast</subfield><subfield code="0">(OCoLC)fst01202689</subfield></datafield><datafield ind1=" " ind2="7" tag="651"><subfield code="a">Alabama</subfield><subfield code="z">Montgomery County.</subfield><subfield code="2">fast</subfield><subfield code="0">(OCoLC)fst01214111</subfield></datafield><datafield ind1=" " ind2=" " tag="752"><subfield code="a">United States</subfield><subfield code="b">Alabama</subfield><subfield code="c">Montgomery</subfield><subfield code="d">Montgomery.</subfield></datafield><datafield ind1="0" ind2="8" tag="776"><subfield code="i">Online version:</subfield><subfield code="t">Montgomery advertiser (Montgomery, Ala. : 1840 : Online)</subfield><subfield code="w">(OCoLC)192107419</subfield></datafield><datafield ind1="0" ind2="0" tag="780"><subfield code="t">Planters' gazette and Montgomery advertiser</subfield></datafield><datafield ind1="1" ind2="7" tag="785"><subfield code="t">State journal &amp; flag</subfield><subfield code="w">(DLC)sn 82014375</subfield><subfield code="w">(OCoLC)8793585</subfield></datafield><datafield ind1="1" ind2="7" tag="785"><subfield code="t">Weekly flag &amp; advertiser</subfield><subfield code="w">(DLC)sn 84020646</subfield><subfield code="w">(OCoLC)4046512</subfield></datafield><datafield ind1="1" ind2="7" tag="785"><subfield code="t">Tri-weekly flag &amp; advertiser</subfield><subfield code="w">(DLC)sn 84022000</subfield><subfield code="w">(OCoLC)4054473</subfield></datafield></record>